%! Author = kyoto
%! Date = 11.05.2023

